@article{arkin1990integrating,
  title={Integrating behavioral, perceptual, and world knowledge in reactive navigation},
  author={Arkin, Ronald C},
  journal={Robotics and autonomous systems},
  volume={6},
  number={1-2},
  pages={105--122},
  year={1990},
  publisher={Elsevier}
}

@inproceedings{firby1987investigation,
  title={An investigation into reactive planning in complex domains.},
  author={Firby, R James},
  booktitle={AAAI},
  volume={87},
  pages={202--206},
  year={1987}
}

@article{musliner1993circa,
  title={CIRCA: A cooperative intelligent real-time control architecture},
  author={Musliner, David J and Durfee, Edmund H and Shin, Kang G},
  journal={IEEE Transactions on Systems, Man, and Cybernetics},
  volume={23},
  number={6},
  pages={1561--1574},
  year={1993},
  publisher={IEEE}
}

@article{musliner1999self,
  title={Self-adaptive software for hard real-time environments},
  author={Musliner, David J and Goldman, Robert P and Pelican, Michael J and Krebsbach, Kurt D},
  journal={IEEE Intelligent Systems and their Applications},
  volume={14},
  number={4},
  pages={23--29},
  year={1999},
  publisher={IEEE}
}

@inproceedings{musliner2008evolution,
  title={The Evolution of CIRCA, a Theory-Based AI Architecture with Real-Time Performance Guarantees.},
  author={Musliner, David J and Pelican, Michael JS and Goldman, Robert P and Krebsbach, Kurt D and Durfee, Edmund H},
  booktitle={AAAI Spring Symposium: Emotion, Personality, and Social Behavior},
  volume={1205},
  year={2008}
}