@misc{STANCE,
  title = {Stance-IberEval2017 web page},
  howpublished = {\url{http://http://stel.ub.edu/Stance-IberEval2017/}}
}