@article{tonelli2016assessment,
  title={Assessment of mathematical programming and agent-based modelling for off-line scheduling: Application to energy aware manufacturing},
  author={Tonelli, F and Bruzzone, AAG and Paolucci, M and Carpanzano, E and Nicol{\`o}, G and Giret, A and Salido, MA and Trentesaux, D},
  journal={CIRP Annals-Manufacturing Technology},
  volume={65},
  number={1},
  pages={405--408},
  year={2016},
  publisher={Elsevier}
}

@article{nicolo2016assessment,
  title={Assessment of a multi agent system for energy aware off-line scheduling from a real case manufacturing data set},
  author={Nicolo, Giancarlo and Salido, Miguel and Giret, Adriana and Barber, Federico},
  journal={aint S ing an},
  pages={35},
  year={2016}
}