% TODO
% find the article of the fast2text
% find an article related to the use of LSTM over text classification
% find an article that explain cnn for text classification
% mostly just put here any article that was referenced during the development of the models