% TODO
% find the article of the fast2text
% find an article related to the use of LSTM over text classification
% find an article that explain cnn for text classification
% mostly just put here any article that was referenced during the development of the models

@article{joulin2016bag,
	title={Bag of tricks for efficient text classification},
	author={Joulin, Armand and Grave, Edouard and Bojanowski, Piotr and Mikolov, Tomas},
	journal={arXiv preprint arXiv:1607.01759},
	year={2016}
}

@article{kim2014convolutional,
	title={Convolutional neural networks for sentence classification},
	author={Kim, Yoon},
	journal={arXiv preprint arXiv:1408.5882},
	year={2014}
}

@article{harris1954distributional,
  title={Distributional structure},
  author={Harris, Zellig S},
  journal={Word},
  volume={10},
  number={2-3},
  pages={146--162},
  year={1954},
  publisher={Taylor \& Francis}
}

@inproceedings{nltk,
 author = {Loper, Edward and Bird, Steven},
 title = {NLTK: The Natural Language Toolkit},
 booktitle = {Proceedings of the ACL-02 Workshop on Effective Tools and Methodologies for Teaching Natural Language Processing and Computational Linguistics - Volume 1},
 series = {ETMTNLP '02},
 year = {2002},
 location = {Philadelphia, Pennsylvania},
 pages = {63--70},
 numpages = {8},
 url = {http://dx.doi.org/10.3115/1118108.1118117},
 doi = {10.3115/1118108.1118117},
 acmid = {1118117},
 publisher = {Association for Computational Linguistics},
 address = {Stroudsburg, PA, USA},
}

@article{bojanowski2016enriching,
  title={Enriching Word Vectors with Subword Information},
  author={Bojanowski, Piotr and Grave, Edouard and Joulin, Armand and Mikolov, Tomas},
  journal={arXiv preprint arXiv:1607.04606},
  year={2016}
}

@article{bazzanella2011oscillazioni,
	title={Oscillazioni di informalit{\`a} e formalit{\`a}: scritto, parlato e rete},
	author={Bazzanella, Carla},
	journal={Formale e informale. La variazione di registro nella comunicazione elettronica. Roma: Carocci},
	pages={68--83},
	year={2011}
}

@article{cerruti2013netspeak,
	title={Netspeak: a language variety? Some remarks from an Italian sociolinguistic perspective},
	author={Cerruti, Massimo and Onesti, Cristina},
	journal={Languages go web: Standard and non-standard languages on the Internet},
	pages={23--39},
	year={2013}
}

% To better understand how it works go to 
% http://www.wildml.com/2015/11/understanding-convolutional-neural-networks-for-nlp/
@article{zhang2015sensitivity,
	title={A sensitivity analysis of (and practitioners' guide to) convolutional neural networks for sentence classification},
	author={Zhang, Ye and Wallace, Byron},
	journal={arXiv preprint arXiv:1510.03820},
	year={2015}
}

% ------------------ Stance references ----------------

@inproceedings{bosco2016,
	author = {Bosco, Cristina and Lai, Mirko and Patti, Viviana and Rangel Pardo, Francisco M. and Rosso, Paolo},
	title = {Tweeting in the Debate about Catalan Elections},
	booktitle = {LREC workshop on Emotion and Sentiment Analysis Workshop (ESA)},
	year = {2016},
}

@article{rangel2016overview,
	title={Overview of the 4th author profiling task at PAN 2016: cross-genre evaluations},
	author={Rangel, Francisco and Rosso, Paolo and Verhoeven, Ben and Daelemans, Walter and Potthast, Martin and Stein, Benno},
	journal={Working Notes Papers of the CLEF},
	year={2016}
}

@article{mohammad2016stance,
	title={Stance and sentiment in tweets},
	author={Mohammad, Saif M and Sobhani, Parinaz and Kiritchenko, Svetlana},
	journal={arXiv preprint arXiv:1605.01655},
	year={2016}
}

@article{mohammad2016semeval,
	title={Semeval-2016 task 6: Detecting stance in tweets},
	author={Mohammad, Saif M and Kiritchenko, Svetlana and Sobhani, Parinaz and Zhu, Xiaodan and Cherry, Colin},
	journal={Proceedings of SemEval},
	volume={16},
	year={2016}
}